%-------------------------------------------------------------------------------
% BIBLIOGRAPHIE
%-------------------------------------------------------------------------------


%-------------------------------------------------------------------------------
%    LIVRES 
%-------------------------------------------------------------------------------
@BOOK{Abramowitz,
    author     = "{M. Abramowitz and I. Stegun}",
    title      = {Handbook of Mathematical Functions with Formula, Graphs, and Mathematical Tables},
    publisher  = {Dover Publications, inc.},
    address    = {New York},
    year       = 1964,}


@BOOK{Maxwell,
    author     = "{J. C. Maxwell}",
    title      = {Treatise on Electricity and Magnetism},
    publisher  = {Clarendon Press},
    address    = {Oxford},
    year       = 1873,}

@BOOK{Montgomery,
    author     = {D. B. Montgomery},
    title      = {Solenoid Magnet Design},
    publisher  = {Wiley-Interscience},
    address    = {New-York. },
    year       = 1969,}

@INBOOK{Jackson ,
    author     = "{J. D. Jackson}",
    title      = {Classical Electrodynamics},
    publisher  = {Wiley},
    address    = {New-York. },
    pages      = "84--128",
    year       = 1975,}


%-------------------------------------------------------------------------------
%   ARTICLES
%-------------------------------------------------------------------------------

@ARTICLE{Brown,
    author     = "{G. V. Brown and L. Flax}",
    title      = {Superposition of semi-infinite soleinoids for calculating magnetic fields of thick solenoids},
    journal    = {J. Applied Physics},
    volume     = 35,
    year       = 1964,
    number     = 6,
    pages      = "1764--1767",}
    

@ARTICLE{Herve,
    author     = "{A. Herv\'e}",
    title      = {Integration of the Magnetic Components of Circular Thick Coils and Disk Coils},
    journal    = {Proc. of fifteenth int. conf. on Magnet Technology},
    volume     = "Part two",
    year       = 1997,
    pages      = "1262--1270",}
    

@ARTICLE{Snow,
    author     = "{C. Snow}",
    journal    = {J. Res. Natl. Bur. Std.},
    volume     = {22},
    year       = 1939,
    number     = "RP 1178",
    pages      = "239",}

%-------------------------------------------------------------------------------
%   Projects
%-------------------------------------------------------------------------------

@ARTICLE{HybridMagnet,
    author     = "{G. Aubert {\it et al.}}",
    title      = "{Hybrid and Giga-NMR projects at the Grenoble High Magnetic Field Laboratory}",
    booktitle  = {{IEEE} Conf. on Magnet Techn.},
    journal    = IEEE_J_ASC,
    volume     = {14},
    month      = {June},
    year       = 2004,
    number     = "2",
    pages      = "1280-2",}

@ARTICLE{3DMagnetModel,
    author     = "{C. Trophime {\it et al.}}",
    title      = {Magnet calculations at the Grenoble high magnetic field laboratory},
    booktitle  = {{IEEE} Conf. on Magnet Techn.},
    journal    = IEEE_J_ASC,
    volume     = {12},
    month      = {June},
    year       = 2002,
    number     = "1",
    pages      = "1483-7",}

@ARTICLE{GigaNMR2004, 
author={Trophime, C. and Kramer, S. and Aubert, G.}, 
journal = IEEE_J_ASC,
title={Magnetic Field Homogeneity Optimization of the Giga-NMR Resistive Insert}, 
year={2006}, 
volume={16}, 
number={2}, 
pages={1509-1512}, 
keywords={NMR spectroscopy;superconducting magnets;1 cm;diameter sphere volume;giga-NMR resistive insert;inhomogeneity;magnetic field homogeneity optimization;nuclear magnetic resonance;polyhelix insert design;polyhelix magnets;polyhelix resistive insert;superconductors;Boring;Coils;Design optimization;Magnetic analysis;Magnetic field measurement;Magnetic fields;Nuclear magnetic resonance;Solids;Superconducting magnets;Taxonomy;Magnetic fields;magnets;nuclear magnetic resonance}, 
doi={10.1109/TASC.2006.870015}, 
ISSN={1051-8223}, 
month={June},}

@article{LNCMI2013,
year={2013},
issn={0022-2291},
journal={Journal of Low Temperature Physics},
volume={170},
number={5-6},
doi={10.1007/s10909-012-0761-x},
title={The French High Magnetic Field Facility},
url={http://dx.doi.org/10.1007/s10909-012-0761-x},
publisher={Springer US},
author={B\'eard, J. and Debray, F.},
pages={541-552},
language={English}
}

@ARTICLE{HYDRID2014, 
author={Pugnat, P. and Barbier, R. and Berriaud, C. and Berthier, R. and Debray, F. and Fazilleau, P. and Hervieu, B. and Manil, P. and Massinger, M. and Pes, C. and Pfister, R. and Pissard, M. and Ronayette, L. and Trophime, C.}, 
journal = IEEE_J_ASC,
title={Progress Report on the 43 T Hybrid Magnet of the LNCMI-Grenoble}, 
year={2014}, 
volume={24}, 
number={3}, 
pages={1-5}, 
keywords={conductors (electric);superconducting cables;superconducting coils;superconducting magnets;Bitter coil;LNCMI-Grenoble;RCOCC;Rutherford cable on conduit conductor;cryogenic system;hybrid magnet;magnetic field;polyhelix coil;resistive coil;resistive insert;superconducting coil;superfluid helium;Cryogenics;Magnetic noise;Magnetic separation;Magnetic shielding;Superconducting coils;Superconducting magnets;Hybrid magnets;Rutherford cable;loss and conductor stability;superconducting conductors;superconducting magnets}, 
doi={10.1109/TASC.2013.2283225}, 
ISSN={1051-8223}, 
month={June},}

@ARTICLE{LNCMI_DCMAGNETS2012, 
author={Debray, F. and Dumas, J. and Trophime, C. and Vidal, N.}, 
journal = IEEE_J_ASC,
title={DC High Field Magnets at the LNCMI}, 
year={2012}, 
volume={22}, 
number={3}, 
pages={4301804-4301804}, 
keywords={magnetic fields;superconducting magnets;DC high field magnet;DC magnetic field;French large scale facility;Grenoble site;LNCMI;Laboratoire National des Champs MagneÃÅtiques Intenses;Toulouse;cooled polyhelix insert;hybrid polyhelix inserts;magnet site;magnetic flux density 42 T;polyhelix technology;power 24 MW;pulsed field;thermal constraint;Laboratories;Magnetic fields;Magnetic resonance;Magnetic resonance imaging;Magnetomechanical effects;Optimization;Superconducting magnets;Copper alloys;DC magnets;high heat fluxes;magnetic fields}, 
doi={10.1109/TASC.2012.2183109}, 
ISSN={1051-8223}, 
month={June},}

@ARTICLE{SMH_PolyHelix1981, 
author={Schneider-Muntau, H.J.}, 
journal = IEEE_J_MAG,
title={Polyhelix magnets}, 
year={1981}, 
volume={17}, 
number={5}, 
pages={1775-1778}, 
keywords={Electromagnets;Magnetics;Superconducting magnets;Coaxial components;Conducting materials;Current density;Insulation;Lorentz covariance;Magnetic materials;Superconducting coils;Superconducting magnets;Tensile stress;Wire}, 
doi={10.1109/TMAG.1981.1061347}, 
ISSN={0018-9464}, 
month={Sep},}

%-------------------------------------------------------------------------------
%   MODELLING
%-------------------------------------------------------------------------------

@ARTICLE{Toth2006, 
author={Toth, J. and Bird, M.D.}, 
journal = IEEE_J_ASC,
title={FEA-Aided Design for a Working Model of a Split Florida-Helix}, 
year={2008}, 
volume={18}, 
number={2}, 
pages={575-578}, 
keywords={current distribution;finite element analysis;friction;superconducting magnets;3-D finite element analysis;complex model-based analysis;high-field split resistive magnet;load distribution;nonsymmetric current distribution;orthotropic material properties;sliding;split Florida-helix;turn-to-turn frictional contact;Finite element analysis;high field solenoids;model-based analysis;resistive magnets}, 
doi={10.1109/TASC.2008.921942}, 
ISSN={1051-8223}, 
month={June},}

@ARTICLE{SALOME2012, 
author={Nunio, F. and Manil, P.}, 
journal = IEEE_J_ASC,
title={SALOME as a Platform for Magneto-Mechanical Simulation}, 
year={2012}, 
volume={22}, 
number={3}, 
pages={4904904-4904904}, 
keywords={CAD;high energy physics instrumentation computing;superconducting magnets;CAD;CAE simulation software;Python language;SALOME;SMC dipole magnet;accelerator component;computer-aided design;computer-aided engineering;detector component;high energy physics;magnetic solicitation;magneto-mechanical simulation;spatial discretization;superconducting magnet;thermal solicitation;Computer simulation;open source software;superconducting magnets}, 
doi={10.1109/TASC.2011.2180297}, 
ISSN={1051-8223}, 
month={June},}

%-------------------------------------------------------------------------------
%   SOFTWARES
%-------------------------------------------------------------------------------

@TECHREPORT{SpherePack,
   author	= "{J. C. Adams and P. N. Swarztrauber}",
   title	=  {SPHEREPACK 2.0: A model development facility}, 
   institution	= {NCAR},
   number	= {NCAR/TN-436-STR},
   year		= 1997,}

%author	= "{G. aubert}",
@MISC{Metrolab,
   title	= {MFC-3045: User's Manual}, 
   organization	= {Metrolab SA},
   note		= {Appendix Field Mapping},
   pages	= "65-76"}

@article{prud2006domain,
  title={{A domain specific embedded language in C++ for automatic differentiation, projection, integration and variational formulations}},
  author={Prud'homme, C.},
  journal={Scientific Programming},
  volume={14},
  number={2},
  pages={81--110},
  year={2006},
  publisher={IOS Press}
}

@ARTICLE{crb-framework-cemracs,
  author  = {Daversin, C. and Veys, S. and Trophime, C. and Prud'Homme, C.},
  title   = {A Reduced Basis framework: Application to large scale nonlinear multi-physics problems},
  journal = {Esaim Proc.},
  volume  = {43},
  pages   = {225--254},
  year    = {2013},
  MONTH = Dec,
  KEYWORDS = {Reduced Basis Method; Non-linear multi-physics simulations; high performance computing},
  DOI = {10.1051/proc/201343015},
  URL = {http://hal.archives-ouvertes.fr/hal-00786557}
}

@ARTICLE{prud'homme:70,
  author = {Prud'homme, C.  and  Rovas, D. V. and  Veroy, K. and  Machiels, L. and  Maday, Y. and  Patera, A. T. and Turinici, G.},
  title = {Reliable Real-Time Solution of Parametrized Partial Differential
	Equations: Reduced-Basis Output Bound Methods},
  journal = {Journal of Fluids Engineering},
  year = {2002},
  volume = {124},
  pages = {70-80},
  number = {1},
  keywords = {partial differential equations; Galerkin method; error analysis; computational
	fluid dynamics; numerical analysis},
  publisher = {ASME},
  url = {http://link.aip.org/link/?JFG/124/70/1}
}

@INPROCEEDINGS{openturns-paper,
  author = {A. Dutfoy and I. Dutka-Malen and A. Pasanisi and R. Lebrun and F. Mangeant and J. Sen Gupta and M. Pendola and T. Yalamas},
  title = {Open{TURNS}, an {O}pen {S}ource initiative to {T}reat {U}ncertainties, {R}isks'{N} {S}tatistics in a structured industrial approach},
  booktitle = {41\`emes Journ\'ees de Statistique, SFdS, Bordeaux (France)},
  year = {2009}
}

@INPROCEEDINGS{Salome2007, 
author={Ribes, A. and Caremoli, C.}, 
booktitle={Computer Software and Applications Conference, 2007. COMPSAC 2007. 31st Annual International}, 
title={Salome platform component model for numerical simulation}, 
year={2007}, 
volume={2}, 
pages={553-564}, 
keywords={object-oriented programming;software engineering;Salome platform component model;numerical framework;numerical simulation codes;programming model;Application software;Computer interfaces;Functional programming;Graphical user interfaces;Kernel;Numerical models;Numerical simulation;Physics computing;Research and development;Solid modeling}, 
doi={10.1109/COMPSAC.2007.185}, 
ISSN={0730-3157}, 
month={July},}